@misc{anylogic,
  author = {The Anylogic Company},
  year = {2000},
  title = {Anylogic Documentation},
  url = {https://anylogic.help/}
}
@book{simulation,
  author = {Sheldon Ross},
  editor = {Sheldon Ross},
  year = {2013},
  publisher = {Elsevier Inc.},
  title = {Simulation},
  note = {5th Edition}
}